% Encoding: UTF-8




@Book{Shu-Hsien,
  author    = {Shu-Hsien Liao},
  title     = {Expert system methodologies and applications—a decade review from 1995 to 2004},
  year      = {2005},
  language  = {english},
  publisher = {Elsevier},
  langid    = {english},
  owner     = {Shu-Hsien.Liao},
  timestamp = {2005.10.10},
}

@Manual{JAOlivas,
  author    = {Jose Angel Olivas Varela},
  title     = {Apuntes de la asignatura de Sistemas Basados en el conocimiento},
  year      = {2016},
  language  = {spanish},
  langid    = {spanish},
  owner     = {JoseAngel.Olivas},
  timestamp = {2016.02.10},
}

@Manual{ICaballero1,
  author    = {Ismael Caballero and Moises Rodriguez},
  title     = {Apuntes de la asignatura de Ingenieria del software II},
  year      = {2017},
  language  = {spanish},
  langid    = {spanish},
  owner     = {Ismael.Caballero},
  timestamp = {2017.02.10},
}

@WWW{salido15,
  author       = {Jesús Salido},
  title        = {Curso de {\LaTeX2e{}}},
  year         = {2015},
  url          = {http://visilab.etsii.uclm.es/?page_id=1468},
  language     = {spanish},
  organization = {Universidad de Castilla-La Mancha},
  urldate      = {2017-02-12},
  howpublished = {Apuntes de la {UCLM}},
  langid       = {spanish},
  owner        = {jsalido},
  timestamp    = {2015.02.20},
}

@WWW{python,
  author       = {Guido van Rossum},
  title        = {Python},
  url          = {https://docs.python.org/3/},
  language     = {spanish},
  langid       = {spanish},
}

@WWW{clips,
  author       = {NASA, Departamento IA},
  title        = {CLIPS},
  url          = {http://www.clipsrules.net/},
  language     = {spanish},
  organization = {NASA},
  langid       = {spanish},
}

@WWW{latex,
  author       = {Leslie Lamport},
  title        = {LaTeX},
  url          = {https://www.latex-project.org/},
  language     = {spanish},
  langid       = {spanish},
}

@WWW{ror,
  author       = {David Heinemeier Hansson},
  title        = {RoR},
  url          = {https://rubyonrails.org/},
  language     = {spanish},
  langid       = {spanish},
}

@WWW{anaconda,
  author       = {Anaconda, Inc},
  title        = {Anaconda},
  url          = {https://www.anaconda.com/},
  urldate      = {2018-12-28},
  language     = {spanish},
  langid       = {spanish},
  timestamp    = {2018.12.28},
}

@WWW{spyder,
  author       = {Pierre Raybaut},
  title        = {Spyder},
  url          = {https://www.spyder-ide.org/},
  language     = {spanish},
  langid       = {spanish},
}

@WWW{chrome,
  author       = {Google},
  title        = {Google Chrome},
  url          = {https://www.google.com/intl/es_ALL/chrome/},
  language     = {spanish},
  langid       = {spanish},
}

@WWW{firefox,
  author       = {Fundación Mozilla},
  title        = {Mozilla Firefox},
  url          = {https://www.mozilla.org/es-ES/firefox/},
  language     = {spanish},
  langid       = {spanish},
}

@WWW{overleaf,
  author       = {Overleaf},
  title        = {Overleaf},
  url          = {https://www.overleaf.com},
  language     = {spanish},
  langid       = {spanish},
}

@WWW{trello,
  author       = {Atlassian},
  title        = {Trello},
  url          = {https://trello.com/},
  language     = {spanish},
  langid       = {spanish},
}

@WWW{github,
  author       = {Microsoft},
  title        = {Github},
  url          = {https://github.com/},
  language     = {spanish},
  langid       = {spanish},
}

@WWW{toggl,
  author       = {Toggl OÜ},
  title        = {Toggl},
  url          = {https://toggl.com/},
  language     = {spanish},
  langid       = {spanish},
}

@WWW{git,
  author       = {Linus Torvalds, Junio Hamano y Software Freedom Conservancy},
  title        = {Git},
  url          = {https://git-scm.com/},
  language     = {spanish},
  langid       = {spanish},
}

@WWW{numpy,
  author       = {Travis Oliphant},
  title        = {Numpy},
  url          = {http://www.numpy.org/},
  language     = {spanish},
  langid       = {spanish},
}

@WWW{matplotlib,
  author       = {John D. Hunter},
  title        = {MatPlotLib},
  url          = {https://matplotlib.org/},
  language     = {spanish},
  langid       = {spanish},
}

@WWW{beatifulsoup,
  author       = {Leonard Richardson},
  title        = {BeatifulSoup},
  url          = {https://www.crummy.com/software/BeautifulSoup/bs4/doc/},
  language     = {spanish},
  langid       = {spanish},
}

@Book{manualdeesgrima,
  author    = {Elaine Cheris },
  title     = {Manual de esgrima},
  year      = {2000},
  language  = {spanish},
  publisher = {Tutor},
  langid    = {spanish},
  timestamp = {2006.26.11},
}

@WWW{scrum,
  author       = {Ken Schwaber, David Benson},
  title        = {The definitive guide to scrum: The rules of the game},
  url          = {https://www.scrumguides.org/scrum-guide.html},
  language     = {spanish},
  langid       = {spanish},
}

@WWW{drawio,
  author       = {Gaudenz Alder, Jeff Sutherland},
  title        = {Diagrams for everyone, everywhere},
  url          = {https://about.draw.io/},
  urldate      = {2018-12-28},
  language     = {spanish},
  langid       = {spanish},
}



%Book{cascales00,
%  author    = {B. Cascales and P. Lucas and J. M. Mira and A. Pallarés and S. Sánchez-Pedreño},
%  title     = {{\LaTeX{}}. Una imprenta en sus manos},
%  year      = {2000},
%  language  = {spanish},
%  publisher = {Aula Documental de Investigación},
%  langid    = {spanish},
%  owner     = {Jesus.Salido},
%  timestamp = {2010.02.10},
%}

%@Book{goos04,
%  author    = {Goossens, M. and Mittelbach, F. and Samarin, A.},
%  title     = {The {\LaTeX{}} companion},
%  year      = {2004},
%  language  = {english},
%  edition   = {2},
%  publisher = {Addison-Wesley Reading, MA},
%  langid    = {english},
%  owner     = {Jesus.Salido},
%  timestamp = {2010.02.10},
%}

%@Book{goos07,
%  author    = {Goossens, M. and Rahtz, S. and Mittelbach, F.},
%  title     = {The {\LaTeX{}} graphics companion},
%  year      = {2007},
%  language  = {english},
%  edition   = {2},
%  publisher = {Addison-Wesley Reading, MA},
%  langid    = {english},
%  owner     = {Jesus.Salido},
%  timestamp = {2010.02.10},
%}

%@Book{grat07,
%  author    = {Grätzer, G.A.},
%  title     = {More math into {\LaTeX}},
%  year      = {2007},
%  language  = {english},
%  edition   = {4},
%  publisher = {Birkhauser},
%  langid    = {english},
%  owner     = {Jesus.Salido},
%  timestamp = {2010.02.10},
%}

%@Book{grat99,
%  author    = {Grätzer, G.A.},
%  title     = {First steps in {\LaTeX}},
%  year      = {1999},
%  language  = {english},
%  edition   = {1},
%  publisher = {Springer Verlag},
%  langid    = {english},
%  owner     = {Jesus.Salido},
%  timestamp = {2010.02.10},
%}

%@Book{kopka04,
%  author    = {Kopka, H. and Daly, {P.W.}},
%  title     = {A guide to {\LaTeX}},
%  year      = {2004},
%  language  = {english},
%  edition   = {4},
%  publisher = {Addison-Wesley},
%  langid    = {english},
%  owner     = {Jesus.Salido},
%  timestamp = {2010.02.10},
%}

%@Book{lamport94,
%  author    = {Lamport, L.},
%  title     = {{\LaTeX}: A document preparation system},
%  year      = {1994},
%  language  = {english},
%  edition   = {2},
%  publisher = {Addison-Wesley},
%  langid    = {english},
%  owner     = {Jesus.Salido},
%  timestamp = {2010.02.10},
%}

%@Book{lange1998programming,
%  author    = {Lange, Danny B and Mitsuru, Oshima},
%  title     = {Programming and Deploying Java Mobile Agents Aglets},
%  year      = {1998},
%  language  = {english},
%  publisher = {Addison-Wesley Longman Publishing Co., Inc.},
%  langid    = {english},
%  owner     = {jsalido},
%  timestamp = {2014.02.21},
%}

%@Book{larman1999uml,
%  author    = {Larman, Craig},
%  title     = {UML y patrones},
%  year      = {1999},
%  language  = {spanish},
%  publisher = {Pearson},
%  langid    = {spanish},
%  owner     = {jsalido},
%  timestamp = {2013.02.15},
%}

%@Manual{oetiker06,
%  author    = {Oetiker, T. and Partl, H. and Hyna, I. and Schlegl, E.},
%  title     = {The not so short introduction to {\LaTeX2e{}}},
%  year      = {2006},
%  language  = {english},
%  langid    = {english},
%  owner     = {Jesus.Salido},
%  timestamp = {2010.02.10},
%}

%@WWW{salido15,
%  author       = {Jesús Salido},
%  title        = {Curso de {\LaTeX2e{}}},
%  year         = {2015},
%  url          = {http://visilab.etsii.uclm.es/?page_id=1468},
%  language     = {spanish},
%  organization = {Universidad de Castilla-La Mancha},
%  urldate      = {2017-02-12},
%  howpublished = {Apuntes de la {UCLM}},
%  langid       = {spanish},
%  owner        = {jsalido},
%  timestamp    = {2015.02.20},
%}

%@Misc{wikibookLaTex10,
%  author    = {WikiMedia},
%  title     = {{\LaTeX{} Wikibook}},
%  year      = {2010},
%  language  = {english},
%  url       = {http://en.wikibooks.org/wiki/LaTeX},
%  urldate   = {2017-02-02},
%  langid    = {english},
%  owner     = {Jesus.Salido},
%  timestamp = {2010.06.04},
%}

%@Book{cascales03,
%  author    = {B. Cascales and P. Lucas},
%  title     = {El Libro de Latex},
%  year      = {2005},
%  language  = {spanish},
%  publisher = {Pearson Educacion},
%  isbn      = {9788420537795},
%  langid    = {spanish},
%}

@Comment{jabref-meta: databaseType:biblatex;}
