% Encoding: UTF-8

@misc{futbolDescanso,
  author       = {Abel Lorenzo Agras},
  title        = {Tiempo de descanso en fútbol},
  url          = {https://mundoentrenamiento.com/tiempo-de-descanso-en-futbol/},
  year         = {2019},
  note         = {Visitado Diciembre 2019},
  language     = {spanish},
  langid       = {spanish},
}

@misc{normativaFIETec,
  author       = {Federación Madrileña Esgrima},
  title        = {Normativa FIE Técnica Septiembre 2019},
  url          = {http://www.fmesgrima.es/Documentos/Reglamento_FIE_TEC.pdf},
  year         = {2019},
  note         = {Visitado Diciembre 2019},
  language     = {spanish},
  langid       = {spanish},
}

@misc{normativaFIEOrg,
  author       = {Federación Madrileña Esgrima},
  title        = {Normativa FIE Organización Diciembre 2018},
  url          = {http://www.fmesgrima.es/Documentos/Reglamento_FIE_ORG.pdf},
  year         = {2018},
  note         = {Visitado Diciembre 2019},
  language     = {spanish},
  langid       = {spanish},
}

@misc{XP,
  author       = {Don Wells},
  title        = {Extreme Programming: A gentle introduction},
  url          = {http://www.extremeprogramming.org/},
  year         = {2013},
  note         = {Visitado Diciembre 2019},
  language     = {spanish},
  langid       = {spanish},
}

@misc{agileInceptionDeck,
  author       = {Jonathan Rasmusson},
  title        = {The Agile Inception Deck},
  url          = {https://agilewarrior.wordpress.com/2010/11/06/the-agile-inception-deck/},
  year         = {2010},
  note         = {Visitado Diciembre 2019},
  language     = {spanish},
  langid       = {spanish},
}

@misc{scikitCheatSheet,
  author       = {Sci-Kit},
  title        = {Sci-Kit Cheat sheet},
  url          = {https://scikit-learn.org/stable/tutorial/machine_learning_map/index.html},
  note         = {Visitado Diciembre 2019},
  language     = {spanish},
  langid       = {spanish},
}

@misc{sus,
  author       = {Jeff Sauro},
  title        = {Measuring usability with the System Usability Scale (SUS)},
  url          = {https://measuringu.com/sus/},
  note         = {Visitado Diciembre 2019},
  year         = {2011},
  language     = {spanish},
  langid       = {spanish},
}

@Book{manualdeesgrima,
  author    = {Elaine Cheris },
  title     = {Manual de esgrima},
  year      = {2000},
  language  = {spanish},
  publisher = {Tutor},
  langid    = {spanish},
  timestamp = {2006.26.11},
}

@article{hela,
  author       = {Hela Ltifi, Ghada Trabelsi, Mounir Ben Ayed, Adel M. Alimi},
  title        = {Application to fight against the Nosocomial Infections},
  journal      = {(IJARAI) International Journal of Advanced Research in Artificial Intelligence},
  volume       = {1},
  number       = {1},
  pages        = {22-29},
  year         = {2012},
}

@conference{sportTalent,
  author       = {Nenand Rogulj, Vladan Papić, Vladimir Plestina},
  title        = {Development of the Expert System for Sport Talents Detection},
  booktitle    = {Proceedings of the 7th WSEAS International Conference on Automation \& Information},
  pages        = {7-10},
  address      = {Cavtat, Croatia},
  year         = {2006},
}

@conference{bayesian,
  author       = {Zhen’gang Wei, Feilong Liu, Ai’min Wei, Xue Cui},
  title        = {Fencing Training Decision Support System Based on Bayesian Network},
  publisher    = {IEEE},
  address      = {Wuhan, China},
  year         = {2009},
  url          = {https://ieeexplore.ieee.org/document/5364552},
  doi          = {10.1109/CISE.2009.5364552},
}
